
%
% Quellen benutzt für Einleitung
%

@misc{dtw,
	title = {Was ist ein Data Ware House?},
	author = {Stefan Luber, Nico Litzel},
	howpublished = {\url{https://www.bigdata-insider.de/was-ist-ein-data-warehouse-a-606701/}},
	note = {Accessed: 18.12.2019}
}
@thesis{vorlesung,
	author = {Prof. Dr. Sebastian Leuoth},
	title = {Applied Big Data Analytics, Grundlagen Data Warehouse },
	institution = {Fachochschule Hof},
	year = 2019,
	howpublished = {\url{https://moodle.hof-university.de/pluginfile.php/97284/mod_folder/content/0/Analytics_01.pdf?forcedownload=1}},
	note = {Accessed: 18.02.2019}
}
%
% Quellen benutzt für Related Work
%

%
% Quellen benutzt für NEO
%
@misc{taLib,
	title = {taLib},
	author = {Mario Fortier},
	howpublished = {\url{http://ta-lib.org}},
	note = {Accessed: 10.02.2020}
}

@misc{gekko,
	author = {Filip la Gre},
	title = {Gekko-Stratgies},
	howpublished = {\url{https://github.com/xFFFFF/Gekko-Strategies}},
	note = {Accessed: 10.02.2020}
}

@thesis{pro19,
	author = {Projektgruppe DeepCryptoTrading der Universität Oldenburg},
	title = {Deep Reinforcement Learning für algorithmischen Handel an Kryptowährungsbörsen},
	institution = {Universität Oldenburg},
	year = 2019,
	pages = {163--169},
	howpublished = {\url{https://uol.de/fileadmin/user_upload/informatik/download/lehre/PGs/PG_DeepCryptoTrading_neu}},
	note = {Accessed: 10.02.2020}
}

@misc{mrj20,
	howpublished = {\url{http://mrjbq7.github.io/ta-lib/func_groups/momentum_indicators.html}},
	note = {Accessed: 10.02.2020}
	}

@misc{ber20,
	author = {Rene Berteit},
	title = {Relative Stärke Index RSI},
	howpublished = {\url{https://www.godmode-trader.de/know-how/relative-staerke-index-rsi-was-steckt-hinter-diesem-indikator,3735120}},
	note = {Accessed: 10.02.2020}
	}

@misc{ber201,
	author = {Rene Berteit},
	title = {Indikatoren-Knowhow: Aroon Up/Down},
	howpublished = {\url{https://www.godmode-trader.de/know-how/indikatoren-knowhow-aroon-updown,3635454}},
	note = {Accessed: 10.02.2020}
	}

@misc{tra20,
	title = {Rate of Change},
	howpublished = {\url{https://www.tradesignalonline.com/lexicon/view.aspx?id=Rate+of+Change+(ROC)}},
	note = {Accessed: 10.02.2020}
	}

@misc{aro20,
	title = {Aroon(ARO)},
	howpublished = {\url{https://www.tradesignalonline.com/lexicon/view.aspx?id=Aroon+(ARO)}},
	note = {Accessed: 10.02.2020}
	}

@misc{tho20,
	author = {Thomas May},
	title = {Momentum (MOM) und Rate of Change (ROC)},
	howpublished = {\url{https://www.godmode-trader.de/know-how/momentum-mom-und-rate-of-change-roc,3631710}},
	note = {Accessed: 10.02.2020}
	}

@misc{cor19,
	author = {Mitchell Cory},
	title = {Aroon Indicator Definition and Uses},
	year = {2019},
	month = {06},
	day = {25},
	howpublished = {\url{https://www.investopedia.com/terms/a/aroon.asp}},
	note = {Accessed: 10.02.2020}
	}

@misc{beg17,
	author = {Beginner's Hadoop},
	title = {User defined functions(udf) in spark},
	year = {2017},
	month = {11},
	day = {26},
	howpublished = {\url{http://beginnershadoop.com/2017/11/26/user-defined-functionsudf-in-spark/}},
	note = {Accessed: 10.02.2020}
	}


%
% Quellen benutzt für PPO
%
@misc{tvWikiPpo,
	author = "{TradingView contributors}",
	title = {Price Oscillator (PPO)},
	year = {2019},
	month = {12},
	day = {11},
	url = "https://www.tradingview.com/wiki/Price_Oscillator_(PPO)",
	note = "[Online; abgerufen am 22.02.2020]"
}
@misc{tvWikiMacd,
	author = "{TradingView contributors}",
	title = "MACD (Moving Average Convergence/Divergence)",
	year = {2019},
	month = {12},
	day = {11},
	url = "https://www.tradingview.com/wiki/MACD_(Moving_Average_Convergence/Divergence)",
	note = "[Online; abgerufen am 22.02.2020]"
}
@misc{inoPedPpo,
	author = "{Cory Mitchell}",
	title = "Percentage Price Oscillator – PPO",
	year = {2019},
	month = {06},
	day = {30},
	url = "https://www.investopedia.com/terms/p/ppo.asp",
	note = "[Online; abgerufen am 22.02.2020]"
}
@misc{inoPedEma,
	author = "{Adam Hayes}",
	title = "Exponential Moving Average - EMA Definition",
	year = {2019},
	month = {07},
	day = {08},
	url = "https://www.investopedia.com/terms/e/ema.asp",
	note = "[Online; abgerufen am 22.02.2020]"
}
@misc{medCsvParq,
	author = "{Mikhail Levkovsky}",
	title = "CSV vs Parquet vs Avro: Choosing the Right Tool for the Right Job",
	year = {2019},
	month = {06},
	day = {13},
	url = "https://medium.com/ssense-tech/csv-vs-parquet-vs-avro-choosing-the-right-tool-for-the-right-job-79c9f56914a8",
	note = "[Online; abgerufen am 22.02.2020]"
}
@misc{dzCsvParq,
	author = "{Thomas Spicer}",
	title = "Apache Parquet vs. CSV Files",
	year = {2019},
	month = {05},
	day = {28},
	url = "https://dzone.com/articles/how-to-be-a-hero-with-powerful-parquet-google-and",
	note = "[Online; abgerufen am 22.02.2020]"
}
@misc{ wikiCsv,
	author = "{Wikipedia contributors}",
	title = "CSV (Dateiformat)",
	year = {2019},
	month = {11},
	day = {04},
	url = "https://de.wikipedia.org/wiki/CSV_(Dateiformat)",
	note = "[Online; abgerufen am 22.02.2020]"
}
@misc{ wikiParq,
	author = "{Wikipedia contributors}",
	title = "Apache Parquet",
	year = {2019},
	month = {11},
	day = {02},
	url = "https://en.wikipedia.org/wiki/Apache_Parquet",
	note = "[Online; abgerufen am 22.02.2020]"
}
%
% Ende Quellen benutzt für PPO
%

%
% Quelle TradingBot
%
@misc{deepCrypto,
	author = "{Deep Crypto Trading Projektgruppe}",
	title = "Deep Reinforcement Learning für algorithmischen Handel an Kryptowährungsbörsen",
	year = {2019},
	month = {04},
	day = {05},
	url = "https://uol.de/fileadmin/user_upload/informatik/download/lehre/PGs/PG_DeepCryptoTrading_neu.pdf",
	note = "[Online; accessed 24.02.2020]"
}
%
% Ende Quelle TradingBot
%