@misc{taLib,
	title = {taLib},
	author = {Mario Fortier},
	howpublished = {\url{http://ta-lib.org}}
	note = {Accessed: 10.02.2020}
}

@misc{gekko,
	author = {Filip la Gre},
	title = {Gekko-Stratgies},
	howpublished = {\url{https://github.com/xFFFFF/Gekko-Strategies}},
	note = {Accessed: 10.02.2020}
}

@thesis{pro19,
	author = {Projektgruppe DeepCryptoTrading der Universität Oldenburg},
	title = {Deep Reinforcement Learning für algorithmischen Handel an Kryptowährungsbörsen},
	institution = {Universität Oldenburg},
	year = 2019,
	pages = {163--169},
	howpublished = {\url{https://uol.de/fileadmin/user_upload/informatik/download/lehre/PGs/PG_DeepCryptoTrading_neu}},
	note = {Accessed: 10.02.2020}
}

@misc{mrj20,
	howpublished = {\url{http://mrjbq7.github.io/ta-lib/func_groups/momentum_indicators.html}},
	note = {Accessed: 10.02.2020}
	}

@misc{ber20,
	author = {Rene Berteit},
	title = {Relative Stärke Index RSI},
	howpublished = {\url{https://www.godmode-trader.de/know-how/relative-staerke-index-rsi-was-steckt-hinter-diesem-indikator,3735120}},
	note = {Accessed: 10.02.2020}
	}

@misc{ber201,
	author = {Rene Berteit},
	title = {Indikatoren-Knowhow: Aroon Up/Down},
	howpublished = {\url{https://www.godmode-trader.de/know-how/indikatoren-knowhow-aroon-updown,3635454}},
	note = {Accessed: 10.02.2020}
	}

@misc{tra20,
	title = {Rate of Change},
	howpublished = {\url{https://www.tradesignalonline.com/lexicon/view.aspx?id=Rate+of+Change+(ROC)}},
	note = {Accessed: 10.02.2020}
	}

@misc{aro20,
	title = {Aroon(ARO)},
	howpublished = {\url{https://www.tradesignalonline.com/lexicon/view.aspx?id=Aroon+(ARO)}},
	note = {Accessed: 10.02.2020}
	}

@misc{tho20,
	author = {Thomas May},
	title = {Momentum (MOM) und Rate of Change (ROC)},
	howpublished = {\url{https://www.godmode-trader.de/know-how/momentum-mom-und-rate-of-change-roc,3631710}},
	note = {Accessed: 10.02.2020}
	}

@misc{cor19,
	author = {Mitchell Cory},
	title = {Aroon Indicator Definition and Uses},
	year = {2019},
	month = {06},
	day = {25},
	howpublished = {\url{https://www.investopedia.com/terms/a/aroon.asp}},
	note = {Accessed: 10.02.2020}
	}

@misc{beg17,
	author = {Beginner's Hadoop},
	title = {User defined functions(udf) in spark},
	year = {2017},
	month = {11},
	day = {26},
	howpublished = {\url{http://beginnershadoop.com/2017/11/26/user-defined-functionsudf-in-spark/}},
	note = {Accessed: 10.02.2020}
	}

